@article{Blackrock,
 URL = {https://www.blackrock.com/americas-offshore/en/larry-fink-ceo-letter},
 author = {Larry Fink},
 year = {2020}
}


@article{WhoCaresWins,
  title={Who cares wins: Connecting financial markets to a changing world},
  author={Compact, UN Global},
  journal={New York},
  year={2004}
}

@incollection{factor_ESG_integration,
  title={Factor investing and ESG integration},
  author={Melas, Dimitris and Nagy, Zoltan and Kulkarni, Padmakar},
  booktitle={Factor Investing},
  pages={389--413},
  year={2017},
  publisher={Elsevier}
}

@article{ESG_meta_analysis,
  title={ESG and financial performance: aggregated evidence from more than 2000 empirical studies},
  author={Friede, Gunnar and Busch, Timo and Bassen, Alexander},
  journal={Journal of sustainable finance \& investment},
  volume={5},
  number={4},
  pages={210--233},
  year={2015},
  publisher={Taylor \& Francis}
}

@article{ESG_exposure_approach,
  title={Measuring ESG Return Premium in Equity Markets the Right Way},
  author={Ben Dor, A and Guan, J and Sun, Y},
  journal={Barclays Research, July},
  volume={14},
  pages={2021},
  year={2021}
}

@article{Shrunk_ESG_ALPHA,
  title={“Honey, I Shrunk the ESG Alpha”: Risk-Adjusting ESG Portfolio Returns},
  author={Bruno, Giovanni and Esakia, Mikheil and Goltz, Felix},
  journal={The Journal of Investing},
  volume={31},
  number={3},
  pages={45--61},
  year={2022},
  publisher={Institutional Investor Journals Umbrella}
}

@article{ESG_Frontier,
  title={Responsible investing: The ESG-efficient frontier},
  author={Pedersen, Lasse Heje and Fitzgibbons, Shaun and Pomorski, Lukasz},
  journal={Journal of Financial Economics},
  volume={142},
  number={2},
  pages={572--597},
  year={2021},
  publisher={Elsevier}
}

@book{friedman2007,
  title={The social responsibility of business is to increase its profits},
  author={Friedman, Milton},
  year={2007},
  publisher={Springer}
}

@article{uk_ESG_stock,
  title={Corporate social performance and stock returns: UK evidence from disaggregate measures},
  author={Brammer, Stephen and Brooks, Chris and Pavelin, Stephen},
  journal={Financial management},
  volume={35},
  number={3},
  pages={97--116},
  year={2006},
  publisher={Wiley Online Library}
}

@article{baker_sentiment,
  title={Investor sentiment and the cross-section of stock returns},
  author={Baker, Malcolm and Wurgler, Jeffrey},
  journal={The journal of Finance},
  volume={61},
  number={4},
  pages={1645--1680},
  year={2006},
  publisher={Wiley Online Library}
}

@article{Kacperczyk_sin_stocks,
  title={The price of sin: The effects of social norms on markets},
  author={Hong, Harrison and Kacperczyk, Marcin},
  journal={Journal of financial economics},
  volume={93},
  number={1},
  pages={15--36},
  year={2009},
  publisher={Elsevier}
}

@article{tetlock_sentiment,
  title={Giving content to investor sentiment: The role of media in the stock market},
  author={Tetlock, Paul C},
  journal={The Journal of finance},
  volume={62},
  number={3},
  pages={1139--1168},
  year={2007},
  publisher={Wiley Online Library}
}

@article{kim2014corporate,
  title={Corporate social responsibility and stock price crash risk},
  author={Kim, Yongtae and Li, Haidan and Li, Siqi},
  journal={Journal of Banking \& Finance},
  volume={43},
  pages={1--13},
  year={2014},
  publisher={Elsevier}
}

@article{lins2017social,
  title={Social capital, trust, and firm performance: The value of corporate social responsibility during the financial crisis},
  author={Lins, Karl V and Servaes, Henri and Tamayo, Ane},
  journal={the Journal of Finance},
  volume={72},
  number={4},
  pages={1785--1824},
  year={2017},
  publisher={Wiley Online Library}
}

@article{el2011does,
  title={Does corporate social responsibility affect the cost of capital?},
  author={El Ghoul, Sadok and Guedhami, Omrane and Kwok, Chuck CY and Mishra, Dev R},
  journal={Journal of banking \& finance},
  volume={35},
  number={9},
  pages={2388--2406},
  year={2011},
  publisher={Elsevier}
}

@article{black1986noise,
  title={Noise},
  author={Black, Fischer},
  journal={The journal of finance},
  volume={41},
  number={3},
  pages={528--543},
  year={1986},
  publisher={Wiley Online Library}
}

@article{Sustainable_sentiment,
  title={Sustainable News--A Sentiment Analysis of the Effect of ESG Information on Stock Prices},
  author={Schmidt, Alexander},
  journal={Available at SSRN 3809657},
  year={2019}
}

@article{Blancard_ESG_sentiment,
  title={Every little helps? ESG news and stock market reaction},
  author={Capelle-Blancard, Gunther and Petit, Aur{\'e}lien},
  journal={Journal of Business Ethics},
  volume={157},
  pages={543--565},
  year={2019},
  publisher={Springer}
}

@article{Event_studies,
  title={Event studies in economics and finance},
  author={MacKinlay, A Craig},
  journal={Journal of economic literature},
  volume={35},
  number={1},
  pages={13--39},
  year={1997},
  publisher={JSTOR}
}

@article{holler2014event,
  title={Event-study methodology and statistical significance},
  author={Holler, J},
  journal={Event-study methodology and statistical significance},
  volume={1},
  pages={5--10},
  year={2014}
}

@article{brown1985using,
  title={Using daily stock returns: The case of event studies},
  author={Brown, Stephen J and Warner, Jerold B},
  journal={Journal of financial economics},
  volume={14},
  number={1},
  pages={3--31},
  year={1985},
  publisher={Elsevier}
}

@article{fama1969_EMH,
  title={The adjustment of stock prices to new information},
  author={Fama, Eugene F and Fisher, Lawrence and Jensen, Michael C and Roll, Richard},
  journal={International economic review},
  volume={10},
  number={1},
  pages={1--21},
  year={1969},
  publisher={JSTOR}
}

@article{Ang_event_method,
  title={Evaluating long-horizon event study methodology},
  author={Ang, James S and Zhang, Shaojun},
  journal={Available at SSRN 1865625},
  year={2011}
}

@incollection{kothari,
  title={Econometrics of event studies},
  author={Kothari, Sagar P and Warner, Jerold B},
  booktitle={Handbook of empirical corporate finance},
  pages={3--36},
  year={2007},
  publisher={Elsevier}
}

@article{fama1998_events,
  title={Market efficiency, long-term returns, and behavioral finance},
  author={Fama, Eugene F},
  journal={Journal of financial economics},
  volume={49},
  number={3},
  pages={283--306},
  year={1998},
  publisher={Elsevier}
}

@article{Fama_french_3fac,
  title={Common risk factors in the returns on stocks and bonds},
  author={Fama, Eugene F and French, Kenneth R},
  journal={Journal of financial economics},
  volume={33},
  number={1},
  pages={3--56},
  year={1993},
  publisher={Elsevier}
}

@article{Lyon_1997_test_stats,
  title={Detecting long-run abnormal stock returns: The empirical power and specification of test statistics},
  author={Barber, Brad M and Lyon, John D},
  journal={Journal of financial economics},
  volume={43},
  number={3},
  pages={341--372},
  year={1997},
  publisher={Elsevier}
}

@article{mitchell2000managerial,
  title={Managerial decisions and long-term stock price performance},
  author={Mitchell, Mark L and Stafford, Erik},
  journal={The Journal of Business},
  volume={73},
  number={3},
  pages={287--329},
  year={2000},
  publisher={JSTOR}
}

@article{ritter1995,
  title={The new issues puzzle},
  author={Loughran, Tim and Ritter, Jay R},
  journal={The Journal of finance},
  volume={50},
  number={1},
  pages={23--51},
  year={1995},
  publisher={Wiley Online Library}
}

@article{UN_5P,
  title={Resolution adopted by the General Assembly on 11 September 2015},
  author={Assembly, General},
  journal={New York: United Nations},
  year={2015}
}

@article{UN_5Ps_2,
  title={The Sustainable Development Goals in 2019: People, planet, prosperity in focus},
  author={Brown, K and Rasmussen, K},
  journal={United Nations Foundation},
  volume={9},
  pages={2019},
  year={2019}
}

@article{kruger2015corporate,
  title={Corporate goodness and shareholder wealth},
  author={Krüger, Philipp},
  journal={Journal of financial economics},
  volume={115},
  number={2},
  pages={304--329},
  year={2015},
  publisher={Elsevier}
}

@article{fisher2011voluntary,
  title={Voluntary corporate environmental initiatives and shareholder wealth},
  author={Fisher-Vanden, Karen and Thorburn, Karin S},
  journal={Journal of Environmental Economics and management},
  volume={62},
  number={3},
  pages={430--445},
  year={2011},
  publisher={Elsevier}
}

@article{karpoff2005reputational,
  title={The reputational penalties for environmental violations: Empirical evidence},
  author={Karpoff, Jonathan M and Lott, Jr, John R and Wehrly, Eric W},
  journal={The Journal of Law and Economics},
  volume={48},
  number={2},
  pages={653--675},
  year={2005},
  publisher={The University of Chicago Press}
}

@article{chen2001layoffs,
  title={Layoffs, shareholders' wealth, and corporate performance},
  author={Chen, Peter and Mehrotra, Vikas and Sivakumar, Ranjini and Wayne, W Yu},
  journal={Journal of empirical Finance},
  volume={8},
  number={2},
  pages={171--199},
  year={2001},
  publisher={Elsevier}
}

@article{dell2021norwegian,
  title={Norwegian Pension Fund’s Portfolio: What Happens to the Companies Divested for Environmental Concerns?},
  author={Dell’Atti, Stefano and Fanelli, Viviana and Miglietta, Federica},
  journal={Contemporary Issues in Sustainable Finance: Financial Products and Financial Institutions},
  pages={191--220},
  year={2021},
  publisher={Springer}
}

@article{flammer2013corporate,
  title={Corporate social responsibility and shareholder reaction: The environmental awareness of investors},
  author={Flammer, Caroline},
  journal={Academy of Management journal},
  volume={56},
  number={3},
  pages={758--781},
  year={2013},
  publisher={Academy of Management Briarcliff Manor, NY}
}

@article{baron2009positive,
  title={A positive theory of moral management, social pressure, and corporate social performance},
  author={Baron, David P},
  journal={Journal of Economics \& Management Strategy},
  volume={18},
  number={1},
  pages={7--43},
  year={2009},
  publisher={Wiley Online Library}
}

@article{klassen1996impact,
  title={The impact of environmental management on firm performance},
  author={Klassen, Robert D and McLaughlin, Curtis P},
  journal={Management science},
  volume={42},
  number={8},
  pages={1199--1214},
  year={1996},
  publisher={INFORMS}
}

@article{farber2009changing,
  title={The changing relationship between job loss announcements and stock prices: 1970--1999},
  author={Farber, Henry S and Hallock, Kevin F},
  journal={Labour Economics},
  volume={16},
  number={1},
  pages={1--11},
  year={2009},
  publisher={Elsevier}
}

@article{king2007social,
  title={Social movements as extra-institutional entrepreneurs: The effect of protests on stock price returns},
  author={King, Brayden G and Soule, Sarah A},
  journal={Administrative Science Quarterly},
  volume={52},
  number={3},
  pages={413--442},
  year={2007},
  publisher={SAGE Publications Sage CA: Los Angeles, CA}
}

@article{capelle2010does,
  title={How does the stock market respond to chemical disasters?},
  author={Capelle-Blancard, Gunther and Laguna, Marie-Aude},
  journal={Journal of Environmental Economics and Management},
  volume={59},
  number={2},
  pages={192--205},
  year={2010},
  publisher={Elsevier}
}

@article{ambec2008does,
  title={Does it pay to be green? A systematic overview},
  author={Ambec, Stefan and Lanoie, Paul},
  journal={The Academy of Management Perspectives},
  pages={45--62},
  year={2008},
  publisher={JSTOR}
}

@article{hart1996does,
  title={Does it pay to be green? An empirical examination of the relationship between emission reduction and firm performance},
  author={Hart, Stuart L and Ahuja, Gautam},
  journal={Business strategy and the Environment},
  volume={5},
  number={1},
  pages={30--37},
  year={1996},
  publisher={Wiley Online Library}
}

@incollection{paytobegreen,
  title={When does it Pay to be green?},
  author={Orsato, Renato J},
  booktitle={Sustainability Strategies: When Does It Pay to Be Green?},
  pages={3--22},
  year={2009},
  publisher={Springer}
}
@article{being_green,
  title={Paying or being paid to be green?},
  author={Vashisht, Rupali and Olmo, Jose and Calvo Pardo, Hector F},
  journal={SSRN 4349730},
  year={2023}
}

@book{noNewsgoodnews,
  title={No news is good news: CSR strategy and newspaper coverage of negative firm events},
  author={Luo, Jiao and Meier, Stephan and Oberholzer-Gee, Felix},
  year={2011},
  publisher={Harvard Business School}
}

@article{rennings2007effect,
  title={The effect of environmental and social performance on the stock performance of European corporations},
  author={Ziegler, Andreas and Schr{\"o}der, Michael and Rennings, Klaus},
  journal={Environmental and Resource Economics},
  volume={37},
  pages={661--680},
  year={2007},
  publisher={Springer}
}

@article{godfrey2009relationship,
  title={The relationship between corporate social responsibility and shareholder value: An empirical test of the risk management hypothesis},
  author={Godfrey, Paul C and Merrill, Craig B and Hansen, Jared M},
  journal={Strategic management journal},
  volume={30},
  number={4},
  pages={425--445},
  year={2009},
  publisher={Wiley Online Library}
}

@article{sorescu2017event,
  title={Event study methodology in the marketing literature: an overview},
  author={Sorescu, Alina and Warren, Nooshin L and Ertekin, Larisa},
  journal={Journal of the Academy of Marketing Science},
  volume={45},
  pages={186--207},
  year={2017},
  publisher={Springer}
}

@article{bauer2010misdeeds,
  title={Misdeeds matter: Long-term stock price performance after the filing of class-action lawsuits},
  author={Bauer, Rob and Braun, Robin},
  journal={Financial Analysts Journal},
  volume={66},
  number={6},
  pages={74--92},
  year={2010},
  publisher={Taylor \& Francis}
}

@article{serafeim2022stock,
  title={Stock price reactions to ESG news: The role of ESG ratings and disagreement},
  author={Serafeim, George and Yoon, Aaron},
  journal={Review of accounting studies},
  pages={1--31},
  year={2022},
  publisher={Springer}
}

@article{giese2019foundations,
  title={Foundations of ESG investing: How ESG affects equity valuation, risk, and performance},
  author={Giese, Guido and Lee, Linda-Eling and Melas, Dimitris and Nagy, Zolt{\'a}n and Nishikawa, Laura},
  journal={The Journal of Portfolio Management},
  volume={45},
  number={5},
  pages={69--83},
  year={2019}
}

@article{ESG_ratings_change,
  title={When ESG meets AAA: The effect of ESG rating changes on stock returns},
  author={Shanaev, Savva and Ghimire, Binam},
  journal={Finance Research Letters},
  volume={46},
  pages={102302},
  year={2022},
  publisher={Elsevier}
}

@misc{green_bond,
  title = {Green bond issuance},
  howpublished = {\url{https://www.spglobal.com/marketintelligence/en/news-insights/latest-news-headlines/global-green-bond-issuance-poised-for-rebound-in-2023-amid-policy-push-73931433}},
  note = {Accessed: 2023-05-21}
}

@online{Greenbond,
  author = {SP-Global},
  title = {Green bond issuance},
  year = 2023,
  url = {https://www.spglobal.com/marketintelligence/en/news-insights/latest-news-headlines/global-green-bond-issuance-poised-for-rebound-in-2023-amid-policy-push-73931433},
  urldate = {2023-05-22}
}

@article{ESG_survey,
  title={Why and how investors use ESG information: Evidence from a global survey},
  author={Amel-Zadeh, Amir and Serafeim, George},
  journal={Financial Analysts Journal},
  volume={74},
  number={3},
  pages={87--103},
  year={2018},
  publisher={Taylor \& Francis}
}

@article{van2016esg,
  title={ESG integration and the investment management process: Fundamental investing reinvented},
  author={Van Duuren, Emiel and Plantinga, Auke and Scholtens, Bert},
  journal={Journal of Business Ethics},
  volume={138},
  pages={525--533},
  year={2016},
  publisher={Springer}
}

@article{fang2009media,
  title={Media coverage and the cross-section of stock returns},
  author={Fang, Lily and Peress, Joel},
  journal={The journal of finance},
  volume={64},
  number={5},
  pages={2023--2052},
  year={2009},
  publisher={Wiley Online Library}
}

@article{lyon1999improved,
  title={Improved methods for tests of long-run abnormal stock returns},
  author={Lyon, John D and Barber, Brad M and Tsai, Chih-Ling},
  journal={The Journal of Finance},
  volume={54},
  number={1},
  pages={165--201},
  year={1999},
  publisher={Wiley Online Library}
}

@article{fama2015five,
  title={A five-factor asset pricing model},
  author={Fama, Eugene F and French, Kenneth R},
  journal={Journal of financial economics},
  volume={116},
  number={1},
  pages={1--22},
  year={2015},
  publisher={Elsevier}
}

@article{white1980heteroskedasticity,
  title={A heteroskedasticity-consistent covariance matrix estimator and a direct test for heteroskedasticity},
  author={White, Halbert},
  journal={Econometrica: journal of the Econometric Society},
  pages={817--838},
  year={1980},
  publisher={JSTOR}
}

@online{SDGs17,
  author = {United NAtions},
  title = {The 17 Goals},
  year = 2023,
  url = {https://sdgs.un.org/goals},
  urldate = {2023-05-26}
}